<?xml version="1.0" encoding="UTF-8"?><collection xmlns="http://www.loc.gov/MARC21/slim"><record><leader>00344nam--2200121-i-4500</leader><controlfield tag="001">000028077</controlfield><controlfield tag="002">20161230</controlfield><controlfield tag="005">20161230201037</controlfield><controlfield tag="008">060222s1000------------r-----000-0-eng-d</controlfield><datafield ind1=" " ind2=" " tag="100"><subfield code="a">Lehmann, Fritz</subfield></datafield><datafield ind1=" " ind2=" " tag="245"><subfield code="a">Analitische chemie. bd.iii - einfuhrung in das qualitative praktikum</subfield></datafield><datafield ind1=" " ind2=" " tag="260"><subfield code="a">Leipzig, Fachbuchverlag, 1957, Xiv + 445p</subfield></datafield><datafield ind1=" " ind2=" " tag="852"><subfield code="a">6812</subfield></datafield></record></collection>